<marcxml:record xmlns:marcxml="http://www.loc.gov/MARC21/slim" xmlns:idx="info:lc/xq-modules/lcindex" xmlns:madsrdf="http://www.loc.gov/mads/rdf/v1#" xmlns:ri="http://id.loc.gov/ontologies/RecordInfo#" xmlns:xlink="http://www.w3.org/1999/xlink" xmlns:rdf="http://www.w3.org/1999/02/22-rdf-syntax-ns#" xmlns:mets="http://www.loc.gov/METS/" xmlns:semtriples="http://marklogic.com/semantic" xmlns:xsi="http://www.w3.org/2001/XMLSchema-instance" xmlns:streams="info:lc/streams#">
            <marcxml:leader>01171cz  a2200217n  4500</marcxml:leader>
            <marcxml:controlfield tag="001">sh2001009808</marcxml:controlfield>
            <marcxml:controlfield tag="003">DLC</marcxml:controlfield>
            <marcxml:controlfield tag="005">20011108105140.0</marcxml:controlfield>
            <marcxml:controlfield tag="008">010920|| anannbabn          |a ana     c</marcxml:controlfield>
            <marcxml:datafield tag="010" ind1=" " ind2=" ">
              <marcxml:subfield code="a">sh2001009808</marcxml:subfield>
            </marcxml:datafield>
            <marcxml:datafield tag="040" ind1=" " ind2=" ">
              <marcxml:subfield code="a">CaAEU</marcxml:subfield>
              <marcxml:subfield code="b">eng</marcxml:subfield>
              <marcxml:subfield code="c">DLC</marcxml:subfield>
            </marcxml:datafield>
            <marcxml:datafield tag="150" ind1=" " ind2=" ">
              <marcxml:subfield code="a">Arch of Hadrian (Athens, Greece)</marcxml:subfield>
            </marcxml:datafield>
            <marcxml:datafield tag="450" ind1=" " ind2=" ">
              <marcxml:subfield code="a">Hadrian's Arch (Athens, Greece)</marcxml:subfield>
            </marcxml:datafield>
            <marcxml:datafield tag="550" ind1=" " ind2=" ">
              <marcxml:subfield code="w">g</marcxml:subfield>
              <marcxml:subfield code="a">Arches</marcxml:subfield>
              <marcxml:subfield code="z">Greece</marcxml:subfield>
            </marcxml:datafield>
            <marcxml:datafield tag="670" ind1=" " ind2=" ">
              <marcxml:subfield code="a">Work cat.: Gilchrist, S. Hadrian's arch : frontal view of Hadrian's Arch, from what was the Greek sector of the city, 1997</marcxml:subfield>
              <marcxml:subfield code="b">(digital image of photograph obtained via site license from Archivision, Toronto, Ont.)</marcxml:subfield>
            </marcxml:datafield>
            <marcxml:datafield tag="670" ind1=" " ind2=" ">
              <marcxml:subfield code="a">Teague, Edward H. World architecture index, c1999:</marcxml:subfield>
              <marcxml:subfield code="b">p. 11 ("Arch of Hadrian, ca. 150 B.C.")</marcxml:subfield>
            </marcxml:datafield>
            <marcxml:datafield tag="670" ind1=" " ind2=" ">
              <marcxml:subfield code="a">Travlos, John. Pictorial dict. of ancient Athens, 1971:</marcxml:subfield>
              <marcxml:subfield code="b">p. 253 ("The arch of Hadrian ... was erected by the Athenians in honour of the emperor ...")</marcxml:subfield>
            </marcxml:datafield>
            <marcxml:datafield tag="670" ind1=" " ind2=" ">
              <marcxml:subfield code="a">Rossiter, S. Greece, 1977:</marcxml:subfield>
              <marcxml:subfield code="b">p. 67 (Arch of Hadrian)</marcxml:subfield>
            </marcxml:datafield>
            <marcxml:datafield tag="670" ind1=" " ind2=" ">
              <marcxml:subfield code="a">Dict. of art, 1996:</marcxml:subfield>
              <marcxml:subfield code="b">v. 2, p. 670 (Arch of Hadrian)</marcxml:subfield>
            </marcxml:datafield>
            <marcxml:datafield tag="670" ind1=" " ind2=" ">
              <marcxml:subfield code="a">Greece, a Phaidon cultural guide, 1985:</marcxml:subfield>
              <marcxml:subfield code="b">p. 116 (Arch of Hadrian)</marcxml:subfield>
            </marcxml:datafield>
            <marcxml:datafield tag="670" ind1=" " ind2=" ">
              <marcxml:subfield code="a">Greece, a lonely planet survival kit, 1996:</marcxml:subfield>
              <marcxml:subfield code="b">p. 156 (Hadrian's Arch) p. 164 (Arch of Hadrian)</marcxml:subfield>
            </marcxml:datafield>
          </marcxml:record>
